@inproceedings{eqa_das2018embodied,
  title={Embodied question answering},
  author={Das, Abhishek and Datta, Samyak and Gkioxari, Georgia and Lee, Stefan and Parikh, Devi and Batra, Dhruv},
  booktitle={Proceedings of the IEEE conference on computer vision and pattern recognition},
  pages={1--10},
  year={2018}
}